@misc{latex,
		title={the not so short introduction to LaTeX2U+03B5: or Latex2U+03B5 in
				 157 minutes},
    url={https://tobi.oetiker.ch/lshort/lshort.pdf},
		author={tobias oetiker}
}

@book{bishop,
	title={Pattern Recognition and Machine Learning},
	author={Chritopher M. Bishop},
	year={2006},
	publisher={Springer Science+Business Media, LLC}
	}